author= {Ricardo Martini and Cristiana Araújo and Pedro Rangel Henriques},
editor= {Giovani Librelotto},
author = {Javier Azcurra and Mario Ber{\’o}n and Pedro Henriques and Maria Jo{\~a}o Varanda Pereira},
author= {Oliveira, Nuno and Henriques, Pedro Rangel and da Cruz, Daniela and Pereira, Maria João Varanda},
author = {Vilas Boas, Ismael and Oliveira, Nuno and Henriques, Pedro Rangel},
author="Martini, Ricardo and Ara{\’u}jo, Cristiana and Almeida, Jos{\’e} Jo{\~a}o and Henriques, Pedro",
editor="Rocha, {\’A}lvaro and Correia, Maria Ana and Adeli, Hojjat and Mendon{\c{c}}a Teixeira, Marcelo",
author = {Berón, M. and Montejano, G. and Riesco, D. and Henriques, P. R. and Debnath, N.},